@misc{fashion_mnist,
  title        = {Fashion-MNIST: a Novel Image Dataset for Benchmarking Machine Learning Algorithms},
  author       = {Han Xiao and Kashif Rasul and Roland Vollgraf},
  year         = {2017},
  eprint       = {1708.07747},
  archivePrefix= {arXiv},
  primaryClass = {cs.LG},
  note         = {Available at \url{https://github.com/zalandoresearch/fashion-mnist}}
}

@article{mnist,
  title        = {Gradient-Based Learning Applied to Document Recognition},
  author       = {Yann LeCun and LÃ©on Bottou and Yoshua Bengio and Patrick Haffner},
  journal      = {Proceedings of the IEEE},
  year         = {1998},
  volume       = {86},
  number       = {11},
  pages        = {2278--2324},
  doi          = {10.1109/5.726791}
}