@article{weng2018policy,
  title={Policy Gradient Algorithms},
  author={Weng, Lilian},
  journal={Lilian Weng's Blog},
  year={2018},
  url={https://lilianweng.github.io/posts/2018-04-08-policy-gradient/},
  note={Accessed: October 2023}
}